<collection xmlns="http://www.loc.gov/MARC21/slim">
<record>
  <leader>01611nam0a2200265 i 450 </leader>
  <controlfield tag="001">IT\ICCU\CNCE\040314</controlfield>
  <controlfield tag="005">20061123000000.0</controlfield>
  <datafield tag="012" ind1=" " ind2=" ">
    <subfield code="a">cage o-si n-o- lapa (3) 1589 (A)</subfield>
    <subfield code="2">fei</subfield>
  </datafield>
  <datafield tag="100" ind1=" " ind2=" ">
    <subfield code="a">19981103d1589        0itac0103    ba</subfield>
  </datafield>
  <datafield tag="101" ind1=" " ind2=" ">
    <subfield code="a">ITA</subfield>
  </datafield>
  <datafield tag="102" ind1=" " ind2=" ">
    <subfield code="a">IT</subfield>
  </datafield>
  <datafield tag="200" ind1="1" ind2=" ">
    <subfield code="a">Discorso d&apos;intorno al modo d&apos;insegnare presto, e regolatamente a leggere a&apos; fanciulli, con tutte le abbreuiature pi ̮vsate, poste per via d&apos;alfabeto in modo, che ciascuno le pu ̣subito ritrouare, e sapere, col quinternuccio, o vespri che si dichi doue sono poste, &amp; in gran parte dichiarate nella nostra volgar lingua tutte le cose che principalmente deue apparare ne&apos; primi anni il buon christiano  ... di m. Claudio Felici Durantino</subfield>
  </datafield>
  <datafield tag="210" ind1=" " ind2=" ">
    <subfield code="a">In Rimino</subfield>
    <subfield code="c">appresso Gio. Simbeni</subfield>
    <subfield code="d">1589</subfield>
    <subfield code="e">In Rimino</subfield>
    <subfield code="g">appresso Gio. Simbeni</subfield>
    <subfield code="h">1589</subfield>
  </datafield>
  <datafield tag="215" ind1=" " ind2=" ">
    <subfield code="a">68, \4! p.</subfield>
    <subfield code="d">8ʻ</subfield>
  </datafield>
  <datafield tag="620" ind1=" " ind2=" ">
    <subfield code="a">IT</subfield>
    <subfield code="d">Rimini</subfield>
  </datafield>
  <datafield tag="700" ind1=" " ind2="1">
    <subfield code="a">Felici,</subfield>
    <subfield code="b">Claudio</subfield>
    <subfield code="3">IT\ICCU\CNCA\005142</subfield>
  </datafield>
  <datafield tag="712" ind1="0" ind2="0">
    <subfield code="a">Simbeni, Giovanni</subfield>
    <subfield code="3">IT\ICCU\CNCT\000829</subfield>
    <subfield code="4">650</subfield>
  </datafield>
  <datafield tag="790" ind1=" " ind2="1">
    <subfield code="a">Felici Durantino,</subfield>
    <subfield code="b">Claudio</subfield>
    <subfield code="3">IT\ICCU\CNCA\019350</subfield>
    <subfield code="z">Felici, Claudio</subfield>
  </datafield>
  <datafield tag="791" ind1="0" ind2="0">
    <subfield code="a">Simbenius, Ioannes</subfield>
    <subfield code="3">IT\ICCU\CNCT\005671</subfield>
    <subfield code="z">Simbeni, Giovanni</subfield>
  </datafield>
  <datafield tag="791" ind1="0" ind2="0">
    <subfield code="a">Simbeneus, Ioannes</subfield>
    <subfield code="3">IT\ICCU\CNCT\005672</subfield>
    <subfield code="z">Simbeni, Giovanni</subfield>
  </datafield>
  <datafield tag="801" ind1=" " ind2="3">
    <subfield code="a">IT</subfield>
    <subfield code="b">ICCU</subfield>
    <subfield code="c">20201114</subfield>
  </datafield>
  <datafield tag="899" ind1=" " ind2=" ">
    <subfield code="a">Biblioteca universitaria Alessandrina. Roma</subfield>
    <subfield code="1">RM0280</subfield>
    <subfield code="2">RML 01</subfield>
  </datafield>
  <datafield tag="899" ind1=" " ind2=" ">
    <subfield code="a">Biblioteca civica Gambalunghiana. Rimini</subfield>
    <subfield code="z">MUTILO</subfield>
    <subfield code="1">RN0013</subfield>
    <subfield code="2">RAV RI</subfield>
  </datafield>
  <datafield tag="911" ind1=" " ind2=" ">
    <subfield code="a">Sul front.</subfield>
    <subfield code="9">IT\ICCU\CNCM\000141</subfield>
  </datafield>
  <datafield tag="921" ind1=" " ind2=" ">
    <subfield code="a">IT\ICCU\CNCM\000141</subfield>
    <subfield code="b">Gru che tiene un sasso nella zampa. In cornice figurata</subfield>
    <subfield code="e">Vigilat nec fatiscit.</subfield>
    <subfield code="c">Q22</subfield>
    <subfield code="c">V184</subfield>
    <subfield code="c">Z712</subfield>
    <subfield code="d">Dimensioni: 3,5 x 4</subfield>
    <subfield code="f">GRU</subfield>
    <subfield code="f">SASSO</subfield>
    <subfield code="f">VIGILATNEC</subfield>
    <subfield code="g">1568-1599</subfield>
  </datafield>
</record>
</collection>
